<record xmlns="http://www.loc.gov/MARC21/slim" xmlns:xsi="http://www.w3.org/2001/XMLSchema-instance" xsi:schemaLocation="http://www.loc.gov/MARC21/slim http://www.loc.gov/standards/marcxml/schema/MARC21slim.xsd"><leader>00443cz   2200133n  4500</leader><controlfield tag="001">oca01284957 </controlfield><controlfield tag="005">20020416051453.0</controlfield><controlfield tag="008">850213n| acannaab|          |a aaa      </controlfield><datafield ind1=" " ind2=" " tag="010"><subfield code="a">n  84179678 </subfield></datafield><datafield ind1=" " ind2=" " tag="040"><subfield code="a">DLC</subfield><subfield code="c">DLC</subfield><subfield code="d">DLC</subfield><subfield code="d">Uk</subfield></datafield><datafield ind1="0" ind2=" " tag="100"><subfield code="a">Timotheus,</subfield><subfield code="c">of Miletus</subfield></datafield><datafield ind1="1" ind2=" " tag="400"><subfield code="a">Miletus,</subfield><subfield code="c">Timotheus of</subfield></datafield><datafield ind1=" " ind2=" " tag="670"><subfield code="a">Janssen, T.H. Timotheus Persae, 1984:</subfield><subfield code="b">t.p. (Timotheus)</subfield></datafield><datafield ind1=" " ind2=" " tag="670"><subfield code="a">Oxford class. dict.</subfield><subfield code="b">(c. 450-c. 360 B.C., dithyramic poet; Timotheus of Miletus)</subfield></datafield></record>